









Compras online Intermarché:  Drive e entrega ao domicílio





































Famões





Urbº Quinta do Segolim, lote EA-01

1685-822 Famões










Informações práticas
Ver os horários
Alterar a loja












a sua pesquisa

{{ mot }}

Algumas sugestões





{{ article.Marque }}, {{ article.Libelle }}


{{ article.Prix }}
{{ article.PrixParQuantite }}




{{ article.Quantite }}








Descubra




Iniciar sessão




Meus favoritos


+

Meus produtos favoritos
Minhas promoções
As minhas vantagens fidelidade
Minhas receitas preferidas




Lista dos meus produtos favoritos ({{ favoris.data.NbProduits }}) Adicionar tudo
juntar ao carrinho  favoritos  


Minhas promoções () Adicionar tudo


As minhas vantagens fidelidade válidas até ao final do mês () Adicionar tudo


Lista da minhas receitas preferidas ({{ favoris.data.NbRecettes }}) Adicionar tudo
ver todas as ideias de receitas



({{ categorie.NbProduits }})
{{ categorie.Libelle }}




({{ categorieRecette.NbProduits }})
{{ categorieRecette.Libelle }}








{{ vignette.UserLabel }}








Brevemente disponível









{{ vignette.Marque }}
{{ vignette.Libelle }}

{{ vignette.Conditionnement }}



Pré-encomenda


+  {{ vignette.NbVignette }} {{ vignette.NbVignette > 1 ? "selos" : "selo" }}  {{ vignette.LibelleVignette }}


venda flashD : h  : min : s




{{ vignette.PrixBarre }}
{{ vignette.Prix }}
LE LOT
{{ vignette.PrixParQuantite }}





{{ vignette.Quantite }}
Restante stock{{ vignette.Stock }} produtos

{{ vignette.Grammage }}
O lote de {{ vignette.NbProduitlot }} produtos



vítima do seu sucesso


Origem
{{ vignette.Origine }}





{{ vignette.LibelleAvantageCarte }}{{ vignette.SymboleAvantageCarte }}{{ vignette.LibelleAvantageCarteDecimal }}
em cartão poupança


acumulado no cartão poupança para entrega do produto antes de
{{ vignette.DateFinAvantageCarte }}





{{ vignette.ReductionBRI.Label }}{{ vignette.ReductionBRI.Symbole }}{{ vignette.ReductionBRI.LabelDecimal }}
 de desconto imediato 


no seu carrinho para comprar este produto antes de
{{ vignette.DateBRI }}




{{ vignette.TexteBRI.ChiffreRouge }}{{ vignette.TexteBRI.Symbole }}{{ vignette.TexteBRI.ChiffreRougeDecimal }}
{{ vignette.TexteBRI.Texte1 }}{{vignette.TexteBRI.Texte3}} {{ vignette.TexteBRI.ChiffreNoir }} {{ vignette.TexteBRI.Texte2 }}


com desconto  em seu carrinho por comprar este produto antes de
{{ vignette.DateBRI }}




{{ vignette.TexteBRI.ChiffreRouge }}+{{ vignette.TexteBRI.ChiffreNoir }}
{{ vignette.TexteBRI.ChiffreNoir != "1" ? "ofertas" : "oferta"}}


no seu carrinho para a compra deste produto Antes de {{ vignette.DateBRI }}





VISTO
NA
Folheto


Para a compra antes de
{{ vignette.DateFinPromo }}




Poupança

de 
{{ vignette.DateDebutPromo }}
a 
{{ vignette.DateFinPromo }}




de 
{{ vignette.DateDebutPromo }}
a 
{{ vignette.DateFinPromo }}





Artigo
PROMO



Para a compra antes de {{ vignette.DateFinPromo }}










Compras rápidas

POUPE TEMPO, encontre aqui as suas receitas preferidas!
Clique sobre o coração visível ao lado do produto para completar a lista.









{{ recette.Titre }}


{{ recette.DureePreparation }} min
{{ recette.DureeCuisson }} min
{{ recette.NombrePersonne }} pessoas




{{ recette.Titre }}
Ver a receita









0


Meu carrinho
vazio
0,00 €




Meu carrinho

Total : 
{{panier.data.Total}}
{{panier.data.NbArticles}} produto







x
Alguns artigos do seu carrinho foram alterados.







{{ article.Marque }}
{{ article.Libelle }}



Produto brevemente disponível



{{ article.PrixArticle }}




{{ article.Quantite }}
















X
Clique sobre o carrinho para passar à encomenda seguinte.


X
Novidade! Aceda a todas as promoções num só clique.


X
Consulte todas as ofertas em curso para facilitar as suas compras.


X
Pesquise aqui todos os seus produtos e siga as nossas sugestões.












A minha loja






As suas listas de compras
Crie as suas listas de compras e e poupe tempo ao efetuar a sua encomenda.

Listas de compra






As suas encomendas
Pode consultar aqui as suas encomendas.

As minhas encomendas






As nossas receitas
Dicas para deliciosas receitas. Aproveite e compre os ingredientes que necessita.

Descubra já











Nossa Marca






PorSi VivaBem
Aqui pode encontrar várias alternativas para uma alimentação mais saudável.

Descubra já






PorSi Bio
Produtos mais simples, com menos ingredientes e provenientes de agricultura biológica.

Descubra já






PorSi Select
Uma gama de produtos repleta de sofisticação apensar em si.

Descubra já









Descubra já







Descubra já









Frescos




Frutas


Maçãs e Pêras


Laranja, Limão e Outros Citrinos
Laranja, Limão e Outro...
Laranja, Limão e Outros Citrinos


Banana e Kiwi


Ananás e Abacaxi


Frutas Tropicais


Uvas, Melão e Meloa 


Frutos Vermelhos


Pêssegos, Nectarinas e Ameixas
Pêssegos, Nectarinas e...
Pêssegos, Nectarinas e Ameixas


Outras Frutas


Frutos secos a granel


Snacks




Legumes


Alfaces e Outras Saladas


Batatas,Cebola e Alhos


Couves, Feijão Verde e Nabos
Couves, Feijão Verde e...
Couves, Feijão Verde e Nabos


Espinafres, Agrião e Alho Francês
Espinafres, Agrião e A...
Espinafres, Agrião e Alho Francês


Cenouras e Abóbora


Ervas Aromáticas


Pepinos e Courgettes


Tomate


Cogumelos


Pimentos


Saladas e Legumes embalados
Saladas e Legumes emba...
Saladas e Legumes embalados


Outros Legumes


Azeitonas e Tremoços


Legumes secos a granel




Peixaria


Bacalhau


Peixe Fresco


Peixe Congelado Inteiro


Peixe Congelado Higienizado
Peixe Congelado Higien...
Peixe Congelado Higienizado


Marisco Fresco


Marisco Cozido


Marisco Congelado 


Salmão Fumado e Especialidades
Salmão Fumado e Especi...
Salmão Fumado e Especialidades




Talho


Porco


Novilho,Vitela e Vitelão


Borrego e Cabrito


Aves e Coelho


Salsichas


Especialidades e Preparados
Especialidades e Prepa...
Especialidades e Preparados


Miudezas




Charcutaria 


Alheira, Farinheira e Morcela
Alheira, Farinheira e...
Alheira, Farinheira e Morcela


Bacon e outras carnes fumadas
Bacon e outras carnes...
Bacon e outras carnes fumadas


Chouriço e Linguiça


Salpicão, Salame e Chourição
Salpicão, Salame e Cho...
Salpicão, Salame e Chourição


Presunto, Paio e Painho


Fiambre de Porco


Fiambre de Aves


Patê, Mortadelas e Torresmos
Patê, Mortadelas e Tor...
Patê, Mortadelas e Torresmos


Salsichas


Carnes Embaladas


Outros




Padaria e pastelaria


Pão e Broa


Pastelaria


Pastelaria Salgada e Sandes
Pastelaria Salgada e S...
Pastelaria Salgada e Sandes


Bolos e Tartes


Pão Embalado


Croissants e pães de leite
Croissants e pães de l...
Croissants e pães de leite




Refeições prontas


Salgados


Sopas


Pratos confecionados


Grelhados


Sobremesas


Pizzas e Massas Frescas









Mercearia




Arroz, Massa, Farinha e Sementes


Arroz


Massa


Farinha


Sementes


Outros




Azeite, Óleo e Vinagre


Azeite


Óleo


Vinagre




Molhos e Temperos


Molhos


Temperos


Condimentos




Batatas Fritas e Snacks


Batatas Caseiras e Palha


Batatas com Sabores


Batatas Light


Batatas Lisas e Onduladas


Snacks e Aperitivos


Frutos Secos




Conservas e Patês


Conservas de Carne


Conservas de Peixe


Conservas de Vegetais


Patês e Pastas




Feijão e Grão Seco


Feijão


Grão


Outros




Sopas e Refeições


Refeições prontas


Sopas e Cremes




Bolachas, Biscoitos e Bolos


Biscoitos


Bolachas Cobertas


Bolachas Cookies


Bolacha Cream Cracker e Água sal
Bolacha Cream Cracker...
Bolacha Cream Cracker e Água sal


Bolachas Infantis


Bolachas Integrais e Digestivas
Bolachas Integrais e D...
Bolachas Integrais e Digestivas


Bolachas Maria e Torrada


Bolachas Recheio de Chocolate
Bolachas Recheio de Ch...
Bolachas Recheio de Chocolate


Bolachas outros recheios


Bolacha Shortcake e Manteiga
Bolacha Shortcake e Ma...
Bolacha Shortcake e Manteiga


Bolachas Waffers


Bolachas Especialidades


Bolachas Sortidos


Bolos e Tortas


Bolachas com geleia


Pastelaria




Cereais


Barras de Cereais


Cereais Corn Flake 


Cereais Muesli


Cereais Criança


Outros Cereais


Cereais Linha e Saúde


Flocos de Cereais e Farinhas
Flocos de Cereais e Fa...
Flocos de Cereais e Farinhas




Cafés e Misturas


Cápsulas e Pastilhas


Café em Grão


Café Moagem Máquina


Café Moagem Saco


Café Descafeínado


Café Solúvel


Cevadas e Misturas


Cappucino e Outros


Filtros para Café




Chás e Infusões


Chá de Ervas 


Chá de Frutos


Chá Preto


Outros Chás


Infusões




Chocolate para Leite


Chocolate e Cacau




Tostas e Pão Ralado


Pão Ralado


Tostas




Açúcar e Adoçante


Açucar


Adoçante




Sobremesas


Gelatina


Pudins 


Mousse e outras Sobremesas
Mousse e outras Sobrem...
Mousse e outras Sobremesas


Bolos Pré-Preparados


Leite Condensado e Evaporado
Leite Condensado e Eva...
Leite Condensado e Evaporado


Chocolate Culinária 


Coberturas e Decoração


Fermentos  e Corantes


Frutas em Calda


Polpas


Compotas




Chocolates, Bombons e Snacks


Chocolate Leite


Chocolate Branco


Chocolate Amêndoa/Avelã


Chocolate Negro


Bombons


Drageias de chocolate


Snacks 


Chocolate Infantil




Rebuçados, Pastilhas e Gomas


Caramelos


Caramelos de Frutas


Gomas 


Rebuçados e Drageias de Frutas
Rebuçados e Drageias d...
Rebuçados e Drageias de Frutas


Rebuçados Peitorais e Mentol
Rebuçados Peitorais e...
Rebuçados Peitorais e Mentol


Outros Rebuçados


Pastilhas Elásticas sem Açucar
Pastilhas Elásticas se...
Pastilhas Elásticas sem Açucar


Pastilhas Elásticas com Açucar
Pastilhas Elásticas co...
Pastilhas Elásticas com Açucar


Torrão e Chupa-chupas




Mel, Doces e Cremes Barrar


Creme para Barrar


Marmelada e Goiabada


Mel


Doces 


Doces Light


Geleia









Bebidas




Águas


Águas sem gás


Águas com gás




Refrigerantes


Refrigerantes com Gás


Refrigerantes sem Gás


Energéticas e Isotónicas




Sumos e Néctares


Sumos 100%


Néctares de Frutas


Néctares Light


Xaropes e Concentrados


Sumos em Pó 




Cervejas


Cervejas com Álcool


Cervejas sem Álcool


Panaché e Sidra




Vinhos Correntes 


Vinho Maduro Tinto


Vinho Maduro Branco


Tetra-Pack


Bag in Box e Garrafões


Rosé


Sangria


Vinho Frisante, Leve




Vinhos de Mesa Superiores


Vinhos Verdes


Vinhos do Douro


Vinhos do Dão


Vinhos da Bairrada e Beiras
Vinhos da Bairrada e B...
Vinhos da Bairrada e Beiras


Vinhos do Tejo e Lisboa


Vinhos Península Setúbal


Vinho Alentejo e Algarve


Bag In Box 


Acessórios para o Vinho


Vinhos Estrangeiros




Vinhos Licorosos e Aperitivos


Moscatel, Favaios, Jeropiga
Moscatel, Favaios, Jer...
Moscatel, Favaios, Jeropiga


Porto Branco


Porto Reservas e Datados


Porto Ruby


Porto Tawny


Vermutes e Outros Aperitivos
Vermutes e Outros Aper...
Vermutes e Outros Aperitivos




Champanhes e Espumantes


Champanhes 


Espumantes 


Espumosos




Bebidas Espirituosas


Licores


Aguardentes e Bagaceiras


Cachaça e Rum


Brandy 


Gin e Vodka


Whisky Novo


Whisky Velho


Outros Whiskies


Cocktails e Outras 









Laticínios




Iogurtes


Iogurtes Naturais


Iogurtes Aromas


Iogurtes Pedaços


Iogurtes Magros


Iogurtes Cremosos e de Polpa
Iogurtes Cremosos e de...
Iogurtes Cremosos e de Polpa


Iogurtes Líquidos


Iogurtes Infantis e Queijinhos
Iogurtes Infantis e Qu...
Iogurtes Infantis e Queijinhos


Iogurtes Bifidus


Iogurtes Defesas ativas e Coração Saudável
Iogurtes Defesas ativa...
Iogurtes Defesas ativas e Coração Saudável


Outros Iogurtes


Gelatinas Iogurte




Sobremesas e Polpas de Fruta


Mousses e Pudins


Outras sobremesas


Polpas de Fruta


Bebidas refrigeradas


Gelatinas Prontas




Queijos


Queijo Corrente


Queijo Flamengo


Queijo Light 


Queijo Fatias


Queijo Fundido e Creme


Queijo Fresco e Requeijão


Queijo Regional Ovelha


Queijo Regional Cabra


Queijo Regional Vaca


Queijo Regional Mistura


Queijo Certificado


Queijo Ralado e para Saladas
Queijo Ralado e para S...
Queijo Ralado e para Saladas


Outros Queijos


Queijo Françês


Queijo Italiano


Queijo Outras Nacionalidades
Queijo Outras Nacional...
Queijo Outras Nacionalidades




Leite


Leite do Dia


Leite Magro


Leite Meio-gordo


Leite Gordo


Leite Funcional


Leite Achocolatado


Leite Aromatizado


Leite Criança


Bebidas de Soja


Leite em Pó


Bebidas sem lactose




Manteigas e Cremes Vegetais


Manteigas


Cremes Vegetais




Natas e Margarinas Culinárias


Natas, Béchamel e Chantilly
Natas, Béchamel e Chan...
Natas, Béchamel e Chantilly


Margarinas Culinárias




Ovos


Ovos tradicionais


Ovos Especiais









Congelados




Refeições


Entradas e Salgados


Panados


Pizzas e Massas Italianas


Refeições Carne


Refeições Peixe


Outras Refeições




Carnes


Hambúrgeres e Almôndegas


Outras Carnes




Peixes


Bacalhau


Peixe  


Lula, Polvo e Outros




Marisco 


Ameijoa e Outros 


Camarão e Gambão


Delicias do Mar e Preparados Marisco
Delicias do Mar e Prep...
Delicias do Mar e Preparados Marisco


Sapateira




Legumes e Frutas


Frutas Congeladas


Legumes Congelados


Ervas aromáticas


Batata pré-frita




Gelados e Sobremesas


Gelados Familiares


Gelados Individuais


Sobremesas


Gelo picado e cubos




Bases e Massas Culinárias


Bases para pizza


Pão









Bebé




Alimentação do Bebé


Leites Infantis


Papas e Cereais Lácteos


Sopas e Refeições


Iogurtes Bebé


Frutas e Sobremesas




Higiene do Bebé


Banho Bebé


Proteção e Hidratação Bebé
Proteção e Hidratação...
Proteção e Hidratação Bebé


Higiene Oral 


Acessórios




Muda de Fraldas e Toalhitas


Fraldas


Fraldas Cuecas


Toalhitas 




Puericultura


Acessórios de Alimentação


Outros Acessórios


Têxtil


Puericultura Pesada


Brinquedos


Limpeza









Dieta e Nutrição




Alimentos com Soja


Bebidas de Soja


Iogurtes e Sobremesas de Soja
Iogurtes e Sobremesas...
Iogurtes e Sobremesas de Soja


Cremes e molhos de culinária
Cremes e molhos de cul...
Cremes e molhos de culinária


Outros Produtos de Soja




Alimentos sem Glúten


Bolachas, Barritas e Tostas
Bolachas, Barritas e T...
Bolachas, Barritas e Tostas


Pão, Massas e Cereais


Outros




Alimentos sem Lactose


Bebidas sem lactose


Gelados sem lactose


Outros




Produtos Biológicos


Massas, Arroz, Farinhas e Sementes
Massas, Arroz, Farinha...
Massas, Arroz, Farinhas e Sementes


Outros


Bebidas


Sobremesas Bio




Produtos Dietéticos


Massas,Arroz e Leguminosas
Massas,Arroz e Legumin...
Massas,Arroz e Leguminosas


Farinhas, Farelos e Sementes
Farinhas, Farelos e Se...
Farinhas, Farelos e Sementes


Flocos e Cereais


Bolachas e Biscoitos


Chás Medicinais e Infusões
Chás Medicinais e Infu...
Chás Medicinais e Infusões


Chocolates e Achocolatados
Chocolates e Achocolat...
Chocolates e Achocolatados


Doces e Marmeladas 


Tostas e Pão 


Suplementos e Vitaminas


Refeições


Substitutos de refeição


Bebidas


Congelados









Higiene e Beleza




Produtos para Homem


Barba


Higiene e Cuidados


Desodorizantes e Perfumes




Higiene Oral


Pastas de Dentes


Pastas de Dentes 2 em 1


Escovas de Dentes


Fios Dentário


Elixires


Produtos para Próteses Dentárias
Produtos para Próteses...
Produtos para Próteses Dentárias


Higiene oral Infantil




Higiene Corporal


Sabonete Líquido 


Sabonete Sólido


Gel de banho Perfumado


Gel de banho Dermoprotetor
Gel de banho Dermoprot...
Gel de banho Dermoprotetor


Acessórios e Conjuntos




Cabelo


Máscaras  e Amaciadores


Lacas e outros Modeladores
Lacas e outros Modelad...
Lacas e outros Modeladores


Champôs 


Coloração


Escovas e Pentes




Produtos Cosméticos


Corpo


Rosto


Limpeza Facial


Maquilhagem


Conjuntos 




Perfumaria e Desodorizantes


Perfumes 


Desodorizantes


Conjuntos




Produtos para Mãos, Pés e Unhas


Cuidados para Mãos e Unhas
Cuidados para Mãos e U...
Cuidados para Mãos e Unhas


Cuidados para Pés e Pernas
Cuidados para Pés e Pe...
Cuidados para Pés e Pernas


Acessórios Pés, Mãos e Unhas
Acessórios Pés, Mãos e...
Acessórios Pés, Mãos e Unhas




Produtos para Depilação


Lâminas


Bandas Depilatórias e Ceras
Bandas Depilatórias e...
Bandas Depilatórias e Ceras


Aerosol, Espuma e Gel Depilatório
Aerosol, Espuma e Gel...
Aerosol, Espuma e Gel Depilatório


Depiladoras




Cuidados de Saúde


Saúde e Bem Estar


Primeiros Socorros


Preservativos e outros


Outros




Higiene Intíma Feminina


Pensos Diários


Pensos Higiénicos


Tampões


Gel, Sabonetes e Loções


Toalhitas Íntimas




Produtos para Incontinência


Fraldas e Cuecas


Pensos e Outros


Complementos 




Produtos para Sol


After Sun


Bronzeadores


Protetores




Papel Higiénico e Lenços Papel


Papel Higiénico


Lenços Papel 









Limpeza




Acessórios de Limpeza


Esponjas  e Esfregões


Esfregonas 


Panos de Limpeza


Luvas


Vassouras, Escovas e Pás


Baldes e Alguidares


Sacos de Lixo




Ambientadores


Absorve e Elimina Odores


Casa de Banho


Elétricos e Automáticos


Velas e Decorativos


Aerossol 


Recargas Elétricos/Automáticos
Recargas Elétricos/Aut...
Recargas Elétricos/Automáticos


Microdifusores




Insetícidas


Anti-Traças


Casa e Plantas


Rastejantes e Insetos


Elétricos




Lavagem da Roupa


Detergente Manual Roupa


Detergente Máquina Roupa




Cuidados da Roupa 


Amaciador para Roupa Concentrado
Amaciador para Roupa C...
Amaciador para Roupa Concentrado


Amaciador para Roupa Diluído
Amaciador para Roupa D...
Amaciador para Roupa Diluído


Lixívia Roupa Delicada


Aditivos


Outros


Lixívia Roupa Tradicional




Lavagem da Loiça


Detergente  Manual Loiça


Detergente  Máquina Loiça




Guardanapos e Rolos de Cozinha


Guardanapos


Rolos de Cozinha




Limpeza Casa de Banho


Blocos Sanitários


Abrasivos 


Gel Limpeza


Detergentes WC




Limpeza de Cozinha


Bancadas e Superfícies


Fogões e Fornos


Desentupidores e Desengordurantes
Desentupidores e Desen...
Desentupidores e Desengordurantes




Limpeza Geral


Lava Tudo 


Limpa-Vidros


Lixívia de Limpeza


Limpeza de Chão


Madeiras


Multisuperfícies


Específicos limpeza




Produtos para Calçado


Autobrilhante


Pomadas e Cremes


Camurças e Couros


Escovas,Esponjas e Acessórios
Escovas,Esponjas e Ace...
Escovas,Esponjas e Acessórios









Casa




Artigos de Festa


Decoração para Festas


Palhinhas e Velas de Aniversário
Palhinhas e Velas de A...
Palhinhas e Velas de Aniversário


Descartáveis


Guardanapos e Toalhas


Outros




Cozinha


Cutelaria


Frigideiras, Tachos e Panelas
Frigideiras, Tachos e...
Frigideiras, Tachos e Panelas


Pratos, Travessas e Saladeiras
Pratos, Travessas e Sa...
Pratos, Travessas e Saladeiras


Copos, Chávenas e Canecas


Utensílios de Cozinha


Conservação de Alimentos


Fósforos e Palitos


Outros




Escritório


Cadernos e Arquivo


Escrita


Desenho e Pintura


Papelaria


Acessórios de escritório




Lavandaria


Tratamento de Roupa


Tábuas de Engomar e Capas


Estendais e Acessórios 




Casa de Banho


Acessórios




Jardim e Barbecue


Jardim


Barbecue


Piscinas




Têxtil


Meias e Collants


Roupa Interior


Têxtil-Lar


Roupa


Calçado




Bricolage


Ferramentas e Acessórios


Tintas e Vernizes


Colas e Adesivos


Aquecimento




Auto


Limpeza e Proteção Auto


Lubrificação e Manutenção Auto
Lubrificação e Manuten...
Lubrificação e Manutenção Auto


Outros


Ambientores auto




Iluminação e Energia


Lâmpadas


Material e Acessórios Elétricos
Material e Acessórios...
Material e Acessórios Elétricos


Pilhas e Lanternas




Utilidades


Arrumação


Outros




Material Escolar


Escrita


Desenho e Pintura


Mochilas, Trolleys, Estojos
Mochilas, Trolleys, Es...
Mochilas, Trolleys, Estojos


Cadernos, Papel


Papelaria e organização


Livros, Jogos Didáticos


Moldes


Outros









Animais




Cães


Ração Seca


Comida Húmida


Snacks e Biscoitos


Higiene


Acessórios




Gatos


Ração Seca


Comida Húmida


Snacks e Biscoitos


Areias e Higiene


Acessórios




Aves


Alimentação


Acessórios




Peixes e Tartarugas


Alimentação




Roedores


Alimentação


Acessórios









Lazer




Desporto


Fitness




Brinquedos


Motas e Carros


Bonecos


Outros




Jogos


Jogos educativos


Puzzle e Construções




Livros


Livros




Ar Livre


Mesas e Cadeiras


Sacos e Malas Térmicas


Tendas e Sacos Cama


Acessórios


Piscina


Guarda Sol




Praia


Praia












Afine a sua pesquisa

Por secção

eliminar os filtros
Mercearia - Arroz49
Dieta e Nutrição - Bolachas e Biscoitos19
Mercearia - Vinagre5
Dieta e Nutrição - Bebidas4
Frescos - Pratos confecionados4
Mercearia - Snacks e Aperitivos4
Bebé - Papas e Cereais Lácteos3
Dieta e Nutrição - Outros3
Dieta e Nutrição - Bebidas2
Dieta e Nutrição - Bebidas de Soja2
Dieta e Nutrição - Bebidas sem lactose2
Mercearia - Farinha2
Mercearia - Temperos2
Animais - Comida Húmida1
Animais - Ração Seca1
Animais - Snacks e Biscoitos1
Bebé - Sopas e Refeições1
Congelados - Delicias do Mar e Preparados Marisco1
Congelados - Refeições Carne1
Congelados - Refeições Peixe1
Dieta e Nutrição - Farinhas, Farelos e Sementes1
Dieta e Nutrição - Massas, Arroz, Farinhas e Sementes1
Dieta e Nutrição - Massas,Arroz e Leguminosas1
Dieta e Nutrição - Outros1
Dieta e Nutrição - Suplementos e Vitaminas1
Frescos - Pastelaria1
Laticínios - Outras sobremesas1
Mercearia - Bolachas Infantis1
Mercearia - Bolos e Tortas1
Mercearia - Chocolate Leite1
Mercearia - Massa1
Mercearia - Mousse e outras Sobremesas1
Mercearia - Refeições prontas1

Por marcas

eliminar os filtros
Alpro3
Alsa1
B.sucesso3
Bicentury3
Bledina3
Brasmar1
Bribon1
Cacarola4
Caçarola6
Ceifeira1
Cemporcent12
Centralres2
Centralrest2
Cerelac1
Cigala10
Cozinha velha1
Cristal2
Enso1
ESPIGA1
Fiorentini2
Forma+1
Frias1
Gullon5
Gullón1
Joya3
Knorr2
KOKA1
Louro1
M&m's1
Malandrinh1
Museu do Pão1
Nestum1
Paladin1
Palmeirinha1
Pato real2
Pescanova1
PorSi15
PorSi Bio2
PorSi Select1
PorSi Viva Bem4
Rice Dream1
Saint Eloi2
Saludaes3
Saludães2
Salutem5
Shoyce1
YUTAKA1




Receitas

Arroz de frango, passas e caju no forno






Página de entrada
Resultado da pesquisa

121 Resultados encontrados para "arroz"



Filtro por pertinência

Filtro por pertinência
Filtro por Preço (+/-)
Filtro por Preço (-/+)
Filtro por Preço kg/litro (+/-)
Filtro por Preço kg/litro (-/+)














Louro
 Arroz carolino

Embalagem de 1 kg






1,14 €
1,14 €/Kg






Restante stock26 produtos





vítima do seu sucesso













Saludaes
 Arroz doce especial

Embalagem de 500g






0,79 €
1,58 €/Kg






Restante stock10 produtos





vítima do seu sucesso














PorSi
 Arroz basmati

Embalagem de 500g






1,39 €
2,78 €/Kg






Restante stock10 produtos





vítima do seu sucesso













PorSi
 Arroz vaporizado

Embalagem de 500g






1,18 €
2,36 €/Kg






Restante stock10 produtos





vítima do seu sucesso













Cemporcent
 Arroz integral extra longo

Embalagem de 1 kg






1,39 €
1,39 €/Kg






Restante stock8 produtos





vítima do seu sucesso













PorSi Viva Bem
 Arroz integral

Embalagem de 1 kg






0,99 €
0,99 €/Kg






Restante stock3 produtos





vítima do seu sucesso













Cigala
 Arroz agulha

Embalagem de 1 kg






1,29 €
1,29 €/Kg






Restante stock683 produtos





vítima do seu sucesso













Cigala
 Arroz vaporizado

Embalagem de 1 kg






1,49 €
1,49 €/Kg






Restante stock64 produtos





vítima do seu sucesso













B.sucesso
 Arroz agulha

Embalagem de 1 kg






1,28 €
1,28 €/Kg






Restante stock135 produtos





vítima do seu sucesso













B.sucesso
 Arroz carolino

Embalagem de 1 kg






1,35 €
1,35 €/Kg






Restante stock177 produtos





vítima do seu sucesso













Cacarola
 Arroz sushi

Embalagem de 1 kg





1,99 €
1,67 €
1,67 €/Kg






Restante stock34 produtos





vítima do seu sucesso





Poupança

de 
21-04-2022
a 
27-04-2022




de 
21-04-2022
a 
27-04-2022













B.sucesso
 Arroz para risotto bom sucesso

Embalagem de 1 kg






2,48 €
2,48 €/Kg






Restante stock27 produtos





vítima do seu sucesso













Cacarola
 Arroz carolino vaporizado

Embalagem de 1 kg





1,39 €
1,15 €
1,15 €/Kg






Restante stock45 produtos





vítima do seu sucesso





Poupança

de 
21-04-2022
a 
27-04-2022




de 
21-04-2022
a 
27-04-2022













Cigala
 Arroz thai jasmim

Embalagem de 1 kg






1,99 €
1,99 €/Kg






Restante stock6 produtos





vítima do seu sucesso













Cigala
 Arroz agulha integral

Embalagem de 1 kg






1,19 €
1,19 €/Kg






Restante stock9 produtos





vítima do seu sucesso













Cemporcent
 Crispies de arroz +

Embalagem de 250g






2,10 €
8,40 €/Kg






Restante stock7 produtos





vítima do seu sucesso













Cigala
 Arroz brajma

Embalagem de 1 kg






2,99 €
2,99 €/Kg






Restante stock13 produtos





vítima do seu sucesso













Saludaes
 Arroz extra longo integral

Embalagem de 1 kg






1,19 €
1,19 €/Kg






Restante stock56 produtos





vítima do seu sucesso













Cigala
 Arroz carolino gigante

Embalagem de 1 kg






1,29 €
1,29 €/Kg






Restante stock53 produtos





vítima do seu sucesso














Cacarola
 Arroz longo extra integral

Embalagem de 1 kg





1,24 €
0,99 €
0,99 €/Kg






Restante stock41 produtos





vítima do seu sucesso





Poupança

de 
21-04-2022
a 
27-04-2022




de 
21-04-2022
a 
27-04-2022













PorSi Select
 Arroz aromático de punjab

1 kg






2,09 €
2,09 €/Kg






Restante stock24 produtos





vítima do seu sucesso













Cigala
 Arroz brajma pronto a comer

Embalagem de 250g






1,59 €
6,36 €/Kg






Restante stock1 produtos





vítima do seu sucesso













Cacarola
 Arroz negro extra longo integral vaporizado

500g





3,69 €
2,89 €
5,78 €/Kg






Restante stock33 produtos





vítima do seu sucesso





Poupança

de 
21-04-2022
a 
27-04-2022




de 
21-04-2022
a 
27-04-2022














PorSi
 Arroz de pato

Embalagem de 400g






2,99 €
7,48 €/Kg






Restante stock5 produtos





vítima do seu sucesso














Alpro
 Bebida arroz

Embalagem de 1 l






1,99 €
1,99 €/L






Restante stock9 produtos





vítima do seu sucesso













ESPIGA
 Farinha de arroz

Embalagem de 500g






0,95 €
1,90 €/Kg






Restante stock30 produtos





vítima do seu sucesso













Alsa
 Arroz doce alsa

Embalagem de 125g






1,59 €
12,72 €/Kg






Restante stock14 produtos





vítima do seu sucesso













PorSi
 Trinca de arroz

Embalagem de 1 kg






0,64 €
0,64 €/Kg






Restante stock21 produtos





vítima do seu sucesso













Cemporcent
 Bolacha arroz mix 5

Embalagem de 100g






1,19 €
11,90 €/Kg






Restante stock9 produtos





vítima do seu sucesso













Cemporcent
 Bolacha arroz chocolate negro

Embalagem de 100g






1,49 €
14,90 €/Kg






Restante stock10 produtos





vítima do seu sucesso













Cemporcent
 Bolacha de arroz iogurte

Embalagem de 100g






1,49 €
14,90 €/Kg






Restante stock26 produtos





vítima do seu sucesso













Cemporcent
 Farinha de arroz integral

Embalagem de 500g






1,29 €
2,58 €/Kg






Restante stock9 produtos





vítima do seu sucesso













Frias
 Bebida de arroz

Garrafa de 1 l






1,79 €
1,79 €/L






Restante stock4 produtos





vítima do seu sucesso














Alpro
 Bebida coco-arroz

Garrafa de 250 ml






0,99 €
3,96 €/L






Restante stock11 produtos





vítima do seu sucesso














PorSi Bio
 Bebida arroz bio

Embalagem de 1 litro






1,19 €
1,19 €/L






Restante stock25 produtos





vítima do seu sucesso













PorSi Bio
 Tortitas arroz bio

Embalagem de 130g






0,99 €
7,62 €/Kg






Restante stock4 produtos





vítima do seu sucesso













Caçarola
 Arroz carolino

Embalagem de 1kg





1,19 €
0,95 €
0,95 €/Kg






Restante stock159 produtos





vítima do seu sucesso





Poupança

de 
21-04-2022
a 
27-04-2022




de 
21-04-2022
a 
27-04-2022













Caçarola
 Arroz agulha

Embalagem de 1 kg






1,07 €
1,07 €/Kg






Restante stock204 produtos





vítima do seu sucesso













Caçarola
 Arroz basmati

Embalagem de 1 kg





2,79 €
2,29 €
2,29 €/Kg






Restante stock29 produtos





vítima do seu sucesso





Poupança

de 
21-04-2022
a 
27-04-2022




de 
21-04-2022
a 
27-04-2022













Caçarola
 Arroz estufado

Embalagem de 1 kg





1,39 €
1,15 €
1,15 €/Kg






Restante stock53 produtos





vítima do seu sucesso





Poupança

de 
21-04-2022
a 
27-04-2022




de 
21-04-2022
a 
27-04-2022













Caçarola
 Arroz selvagem

Embalagem de 500 g






3,25 €
6,50 €/Kg






Restante stock20 produtos





vítima do seu sucesso













Caçarola
 Arroz risotto

Embalagem de 500 g






1,19 €
2,38 €/Kg






Restante stock13 produtos





vítima do seu sucesso













Cigala
 Arroz Carolino

Embalagem de 1 kg






1,27 €
1,27 €/Kg






Restante stock103 produtos





vítima do seu sucesso













Saludães
 Arroz Carolino

Embalagem de 1 kg






1,23 €
1,23 €/Kg






Restante stock65 produtos





vítima do seu sucesso













Saludães
 Arroz agulha

Embalagem de 1kg






1,29 €
1,29 €/Kg






Restante stock89 produtos





vítima do seu sucesso













Pato real
 Arroz vaporizado

Embalagem de 1kg






0,99 €
0,99 €/Kg






Restante stock11 produtos





vítima do seu sucesso













PorSi
 Arroz carolino

Embalagem de 5 kg






4,25 €
0,85 €/Kg






Restante stock11 produtos





vítima do seu sucesso













PorSi
 Arroz Risotto

Embalagem de 1 kg






1,69 €
1,69 €/Kg






Restante stock8 produtos





vítima do seu sucesso













PorSi
 Arroz vaporizado

Embalagem de 1 kg






1,18 €
1,18 €/Kg






Restante stock566 produtos





vítima do seu sucesso













PorSi
 Arroz basmati

Embalagem de 1 kg






1,79 €
1,79 €/Kg






Restante stock12 produtos





vítima do seu sucesso













PorSi
 Arroz carolino

Embalagem de 1 kg






0,85 €
0,85 €/Kg






Restante stock161 produtos





vítima do seu sucesso













PorSi
 Arroz agulha

Embalagem de 5kg






5,39 €
1,08 €/Kg






Restante stock8 produtos





vítima do seu sucesso













PorSi
 Arroz Thai Jasmim

1 kg






1,59 €
1,59 €/Kg






Restante stock10 produtos





vítima do seu sucesso













Knorr
 Caldo p/ arroz  8 cubos

Embalagem de 80g






1,75 €
21,88 €/Kg






Restante stock34 produtos





vítima do seu sucesso













Knorr
 Caldo p/arroz, 24 cubos

Embalagem de 240g






2,25 €
9,38 €/Kg






Restante stock43 produtos





vítima do seu sucesso













YUTAKA
 Vinagre de arroz yutaka

Garrafa de 150 ml






4,89 €
32,60 €/L






Restante stock6 produtos





vítima do seu sucesso













Cemporcent
 Bolacha de arroz chocolate leite

Embalagem de 100g






1,49 €
14,90 €/Kg






Restante stock11 produtos





vítima do seu sucesso













Forma+
 Colesterol (arroz vermelho fermentado) - cápsulas

Embalagem de 17g






5,99 €
352,35 €/Kg






Restante stock10 produtos





vítima do seu sucesso













Cemporcent
 Bolacha arroz iogurte e laranja

Embalagem de 100g






1,49 €
14,90 €/Kg






Restante stock14 produtos





vítima do seu sucesso













Cemporcent
 Bolacha arroz chocolate e coco

Embalagem de 100g






1,49 €
14,90 €/Kg






Restante stock14 produtos





vítima do seu sucesso













Enso
 Vinagre de arroz enso

Garrafa de 150 ml






3,99 €
26,60 €/L






Restante stock2 produtos





vítima do seu sucesso













Bledina
 Blédina papinhas do bebé - arroz

Embalagem de 200g






1,99 €
9,95 €/Kg






Restante stock1 produtos





vítima do seu sucesso













Cemporcent
 Bolacha arroz s/ sal

Embalagem de 100g






0,99 €
9,90 €/Kg






Restante stock11 produtos





vítima do seu sucesso













Nestum
 Nestum zero arroz

Embalagem de 250 g






2,39 €
9,56 €/Kg






Restante stock32 produtos





vítima do seu sucesso













Salutem
 Bolacha galete integral arroz+laranja sal9x100

Embalagem de 100g






1,99 €
19,90 €/Kg






Restante stock12 produtos





vítima do seu sucesso













Salutem
 Bolacha galete integral arroz+mirtilo sal9x100

Embalagem de 100g






1,99 €
19,90 €/Kg






Restante stock6 produtos





vítima do seu sucesso













Paladin
 vinagre de arroz

Garrafa de 125 ml






0,99 €
7,92 €/L






Restante stock7 produtos





vítima do seu sucesso













Cristal
 Vinagre de arroz 5% gourmet

Garrafa de 250 ml






2,39 €
9,56 €/L






Restante stock14 produtos





vítima do seu sucesso













Malandrinh
 Arroz carolino malandrinho

Embalagem de 1 kg






1,39 €
1,39 €/Kg






Restante stock35 produtos





vítima do seu sucesso













Pato real
 Arroz agulha

Embalagem de 1 kg






1,29 €
1,29 €/Kg






Restante stock10 produtos





vítima do seu sucesso













Cigala
 Arroz Integral Pronto a Comer

Embalagem de 2x125 g






1,59 €
6,36 €/Kg






Restante stock1 produtos





vítima do seu sucesso













Palmeirinha
 Arroz agulha longo comum

Embalagem de 1 kg






0,85 €
0,85 €/Kg






Restante stock13 produtos





vítima do seu sucesso













PorSi
 Arroz agulha América do Sul

Embalagem de 1 kg






1,09 €
1,09 €/Kg






Restante stock293 produtos





vítima do seu sucesso













PorSi Viva Bem
 Tortitas de arroz com sal

Embalagem de 130g






0,75 €
5,77 €/Kg






Restante stock5 produtos





vítima do seu sucesso













PorSi Viva Bem
 Tortitas de arroz sem sal

Embalagem de 130g






0,79 €
6,08 €/Kg






Restante stock14 produtos





vítima do seu sucesso













PorSi
 Comida húmida para cão de frango e arroz

Lata de 400 g






0,79 €
1,98 €/Kg






Restante stock4 produtos





vítima do seu sucesso














PorSi Viva Bem
 Bolos arroz sem glúten 2x56g

Embalagem de 120g






1,99 €
16,58 €/Kg






Restante stock13 produtos





vítima do seu sucesso













Bledina
 Refeição pronta, boião de frango e arroz

Embalagem de 200g






1,89 €
9,45 €/Kg






Restante stock14 produtos





vítima do seu sucesso













Gullon
 Tortitas de aveia, arroz e chocolate negro

Embalagem de 82 gr






1,99 €
24,27 €/Kg






Restante stock1 produtos





vítima do seu sucesso














Brasmar
 Prepar arroz marisco sem gluten cv 0.8kg

Embalagem de 800g






5,99 €
7,49 €/Kg






Restante stock126 produtos





vítima do seu sucesso





Poupança

de 
21-04-2022
a 
27-04-2022




de 
21-04-2022
a 
27-04-2022













Rice Dream
 Bebida arroz com cálcio

Embalagem de 3 x 200 ml






2,49 €
4,15 €/L






Restante stock6 produtos





vítima do seu sucesso













Cigala
 Arroz integral com quinoa pronto a comer

Embalagem de 2 x 125 g






1,79 €
7,16 €/Kg






Restante stock7 produtos





vítima do seu sucesso













M&m's
 Tablete de chocolate leite e arroz tufado

Embalagem de 150g





2,65 €
1,98 €
13,20 €/Kg






Restante stock24 produtos





vítima do seu sucesso





Poupança

de 
21-04-2022
a 
27-04-2022




de 
21-04-2022
a 
27-04-2022














PorSi
 Sobremesa de Arroz Doce

Embalagem 2X135G






1,59 €
5,89 €/Kg






Restante stock1 produtos





vítima do seu sucesso













PorSi
 Bolo de Arroz 70 g








0,55 €
0,55 €/Unidade






Restante stock999999 produtos





vítima do seu sucesso













Centralres
 Arroz de Pato

Vendido ao peso






6,50 €
12,99 €/Kg






Restante stock999999 produtos





vítima do seu sucesso


Origem
Portugal













Centralrest
 Arroz de ervilhas

Vendido ao peso






1,25 €
2,49 €/Kg






Restante stock999999 produtos





vítima do seu sucesso













Centralrest
 Arroz de feijão

250 g






4,49 €
17,96 €/Kg






Restante stock999999 produtos





vítima do seu sucesso













Centralres
 Arroz de Pato

Vendido ao peso






7,00 €
13,99 €/Kg






Restante stock999999 produtos





vítima do seu sucesso


Origem
Portugal








Breve disponível







Saludaes
 Arroz basmati

Embalagem de 500g






1,39 €
2,78 €/Kg






Restante stock0 produtos





vítima do seu sucesso








Breve disponível







Saint Eloi
 Arroz agulha

Embalagem de 1 kg






0,89 €
0,89 €/Kg






Restante stock0 produtos





vítima do seu sucesso








Breve disponível







Cozinha velha
 Arroz Agulha

Embalagem de 1 kg






0,85 €
0,85 €/Kg






Restante stock0 produtos





vítima do seu sucesso








Breve disponível







Salutem
 Arroz integral salutem

Embalagem de 1 kg






1,59 €
1,59 €/Kg






Restante stock0 produtos





vítima do seu sucesso








Breve disponível







Cemporcent
 Arroz integral vegetais e curcuma bio

Embalagem de 250g






3,99 €
15,96 €/Kg






Restante stock0 produtos





vítima do seu sucesso








Breve disponível







Ceifeira
 Farinha de arroz

Embalagem de 500g






1,19 €
2,38 €/Kg






Restante stock0 produtos





vítima do seu sucesso








Breve disponível







Bicentury
 Tortitas de arroz c/ iogurte

Embalagem de 130g






2,15 €
16,54 €/Kg






Restante stock0 produtos





vítima do seu sucesso








Breve disponível








Shoyce
 Bebida de soja-arroz

Garrafa de 1 l






1,29 €
1,29 €/L






Restante stock0 produtos





vítima do seu sucesso








Breve disponível







Salutem
 Galete arroz

Embalagem de 108g






1,19 €
11,02 €/Kg






Restante stock0 produtos





vítima do seu sucesso








Breve disponível







Bicentury
 Tortitas de arroz nackis

Embalagem de 130 g






1,79 €
13,77 €/Kg






Restante stock0 produtos





vítima do seu sucesso








Breve disponível







Bribon
 Salsicha frango/arroz/cenoura

Embalagem de 800g






2,59 €
3,24 €/Kg






Restante stock0 produtos





vítima do seu sucesso








Breve disponível







Gullon
 Tortitas vitalday arroz

Embalagem de 115.2 g






1,99 €
17,30 €/Kg






Restante stock0 produtos





vítima do seu sucesso








Breve disponível







Cemporcent
 Bolacha de arroz sem sal

Embalagem de 130g






2,19 €
16,85 €/Kg






Restante stock0 produtos





vítima do seu sucesso








Breve disponível







Bledina
 Snack bolachas de arroz

Embalagem de 30g






1,29 €
43,00 €/Kg






Restante stock0 produtos





vítima do seu sucesso








Breve disponível








Pescanova
 Preparado p/ arroz de marisco

Embalagem de 500g






7,49 €
14,98 €/Kg






Restante stock0 produtos





vítima do seu sucesso








Breve disponível







Bicentury
 Tortitas de Arroz com Chocolate Negro

Embalagem de 130g






2,15 €
16,54 €/Kg






Restante stock0 produtos





vítima do seu sucesso








Breve disponível







KOKA
 Massa de arroz instantânea light

Embalagem de 330g






3,09 €
9,36 €/Kg






Restante stock0 produtos





vítima do seu sucesso








Breve disponível







Fiorentini
 Snack de arroz preto biológico

Embalagem de 20 g






0,99 €
49,50 €/Kg






Restante stock0 produtos





vítima do seu sucesso








Breve disponível







Salutem
 Galete arroz biológico finissima

Embalagem de 130g






1,69 €
13,00 €/Kg






Restante stock0 produtos





vítima do seu sucesso








Breve disponível







Cristal
 Vinagre de arroz  5%

Garrafa de 500 ml






1,59 €
3,18 €/L






Restante stock0 produtos





vítima do seu sucesso








Breve disponível







Saint Eloi
 Arroz cozinha rápido 5 minutos

Embalagem de 4X125G






1,18 €
2,36 €/Kg






Restante stock0 produtos





vítima do seu sucesso








Breve disponível







Joya
 Bebida de arroz e coco

1 litro






2,59 €
2,59 €/L






Restante stock0 produtos





vítima do seu sucesso








Breve disponível







Cerelac
 1ª papa não lactea milho e arroz sem glúten +4 meses

Embalagem de 250g






2,69 €
10,76 €/Kg






Restante stock0 produtos





vítima do seu sucesso








Breve disponível







Joya
 Bebida de arroz bio

Embalagem de 3 x 200 ml






2,39 €
3,98 €/L






Restante stock0 produtos





vítima do seu sucesso








Breve disponível







Gullon
 Tortitas vitalday arroz e chocolate negro

Embalagem de 105.2 g






1,99 €
18,95 €/Kg






Restante stock0 produtos





vítima do seu sucesso








Breve disponível







Gullon
 Tortitas de arroz com chocolate preto e laranja

Embalagem de 137 g






2,29 €
16,72 €/Kg






Restante stock0 produtos





vítima do seu sucesso








Breve disponível







Gullón
 Tortitas de arroz com chocolate preto e framboesa

Embalagem de 122 g






2,54 €
20,82 €/Kg






Restante stock0 produtos





vítima do seu sucesso








Breve disponível







Gullon
 Tortitas de arroz com chocolate preto e coco

Embalagem de 117 g






2,54 €
21,53 €/Kg






Restante stock0 produtos





vítima do seu sucesso








Breve disponível







Joya
 Joya bebida de arroz 0% açúcares uht

Garrafa de 1 l






1,99 €
1,99 €/L






Restante stock0 produtos





vítima do seu sucesso








Breve disponível







Fiorentini
 Snack de arroz preto e sal rosa biológico

Embalagem de 20 g






1,89 €
42,00 €/Kg






Restante stock0 produtos





vítima do seu sucesso








Breve disponível







Museu do Pão
 Bolo de arroz s/gluten 4unidades

Embalagem de 225 g






3,59 €
15,96 €/Kg






Restante stock0 produtos





vítima do seu sucesso








Breve disponível








Alpro
 Bebida coco

Embalagem de 1L






2,39 €
2,39 €/L






Restante stock0 produtos





vítima do seu sucesso










{{ vignette.UserLabel }}








Brevemente disponível









{{ vignette.Marque }}
{{ vignette.Libelle }}

{{ vignette.Conditionnement }}



Pré-encomenda


+  {{ vignette.NbVignette }} {{ vignette.NbVignette > 1 ? "selos" : "selo" }}  {{ vignette.LibelleVignette }}


venda flashD : h  : min : s




{{ vignette.PrixBarre }}
{{ vignette.Prix }}
LE LOT
{{ vignette.PrixParQuantite }}





{{ vignette.Quantite }}
Restante stock{{ vignette.Stock }} produtos

{{ vignette.Grammage }}
O lote de {{ vignette.NbProduitlot }} produtos



vítima do seu sucesso


Origem
{{ vignette.Origine }}





{{ vignette.LibelleAvantageCarte }}{{ vignette.SymboleAvantageCarte }}{{ vignette.LibelleAvantageCarteDecimal }}
em cartão poupança


acumulado no cartão poupança para entrega do produto antes de
{{ vignette.DateFinAvantageCarte }}





{{ vignette.ReductionBRI.Label }}{{ vignette.ReductionBRI.Symbole }}{{ vignette.ReductionBRI.LabelDecimal }}
 de desconto imediato 


no seu carrinho para comprar este produto antes de
{{ vignette.DateBRI }}




{{ vignette.TexteBRI.ChiffreRouge }}{{ vignette.TexteBRI.Symbole }}{{ vignette.TexteBRI.ChiffreRougeDecimal }}
{{ vignette.TexteBRI.Texte1 }}{{vignette.TexteBRI.Texte3}} {{ vignette.TexteBRI.ChiffreNoir }} {{ vignette.TexteBRI.Texte2 }}


com desconto  em seu carrinho por comprar este produto antes de
{{ vignette.DateBRI }}




{{ vignette.TexteBRI.ChiffreRouge }}+{{ vignette.TexteBRI.ChiffreNoir }}
{{ vignette.TexteBRI.ChiffreNoir != "1" ? "ofertas" : "oferta"}}


no seu carrinho para a compra deste produto Antes de {{ vignette.DateBRI }}





VISTO
NA
Folheto


Para a compra antes de
{{ vignette.DateFinPromo }}




Poupança

de 
{{ vignette.DateDebutPromo }}
a 
{{ vignette.DateFinPromo }}




de 
{{ vignette.DateDebutPromo }}
a 
{{ vignette.DateFinPromo }}





Artigo
PROMO



Para a compra antes de {{ vignette.DateFinPromo }}











Já viu tudo. clique aqui Voltar ao topo.











Informações


Poupe tempo
Pesquisa rápida
Acumule vantagens no saldo do seu cartão
Inspire-se nas nossas receitas






Serviços do Intermarché


Intermarche.pt


















Condições gerais de venda
Condições de utilização
Dados pessoais e cookies
Créditos
Ajuda & contacto


© itm alimentar international: todos os direitos reservados 2015












Listas de compras 

Introduza o nome da nova lista a criar



Anular
Validar

+



Novidades da sua loja




Fechar


+



Oups


Ocorreu um erro inesperado



Fechar


+



Quantidade de líquidos no seu carrinho



Lamentamos, não é possível adicionar mais produtos líquidos ao seu carrinho. Atingiu a quantidade máxima de líquido de 60 litros por pedido.A nossa equipa de entregas agradece sua compreensão.



Fechar


+





Primeira visita?
Aqui encontra os seus produtos preferidos com toda a qualidade e os mesmos preços da sua loja Intermarché!
RápidoEconómicoPrático
criar uma conta

Escolher uma loja




Já tem uma conta registada?
Entre para aceder à sua seleção de produtos favoritos e encontre todas as suas vantagens



Lembrar-me
Esqueceu a password






+



Esqueceu a palavra passe?

Esqueceu a sua palavra-passe?




Irá receber um email dentro de instantes para lhe indicar os passos seguintes.
Lembre-se de verificar o seu correio spam.



+



O seu endereço de email já existe
A sua conta ainda não foi ativada


Aparentemente o seu endereço de email foi associado a outra conta dos programas e serviços do Intermarché


 mas uqe não foram ativados.
Clique na frase abaixo :
Preenviar o link de ativação no endereço .
(necessário para se ligar e beneficiar das nossas ofertas)



Criou a sua conta mas ainda não a ativou através do email que lhe enviámos.
Deverá ter recebido um e-mail com um link de ativação (válido 7 dias).
Pode acontecer que este email de activação seja classificado como Spam pelo  "software" da sua caixa de emails: por favor verifique na pasta de Spam e adicione este endereço à sua lista de endreços a fim de proceder à activação da sua conta.

Poderemos reenviar, para tal clique sobre a frase abaixo :
Preenviar o link de ativação no endereço .


O seu pedido foi registado.
A ativação da sua conta é feita exclusivamente através do email que recebeu nosso.
Pode acontecer que este email de activação seja classificado como Spam pelo  "software" da sua caixa de emails: por favor verifique na pasta de Spam e adicione este endereço à sua lista de endreços a fim de proceder à activação da sua conta.

Pedimos desculpa, ocorreu um erro, agradecemos que tente mais tarde.

Fechar



+



Manter em contacto !


Procura promoções e novidades? Registe-se agora na nossa newsletter para receber as nossas novidades! Para receber, via e-mail, informações e ofertas de Intermarché, por favor preencha os seguintes campos:


Email



Civilité
Senhor 
Senhora 


Apelido



Nome 


Ao indicar o seu endereço de email, declara ter mais de 18 anos.


* Campos obrigatórios

Merci !
Votre demande a bien été prise en compte. Vous allez recevoir un email avec un lien pour confirmer votre inscription




+




+




+



Inscrição newsletter





Fechar


+




Adicionou vários produtos no seu carrinho, para garantir que não os perde na sua próxima visita, faça o seu login !



Inscreva-se !
RápidoEconómicoPrático
criar uma conta >

Inscrevo-me mais tarde e prossigo com as minhas compras


Escolher uma loja >




Já tem uma conta registada?
Faça oo login na sua conta para não perder os produtos no seu carrinho e aceder à sua seleção de produtos preferidos.


Lembrar-me
Esqueceu a password






+



Horários 







{{typeLivraison.Libelle}}
{{ typeLivraison.Intitule }}


{{ typeLivraison.MessageErreur }}

Gratuito
Dependente do montante do carrinho


1º horário disponível: {{ typeLivraison.PremierCreneau }}
Último período horário disponível: {{ typeLivraison.DernierCreneau }}




O plano de horários é indicativo, o seu horário será validado no final da sua encomenda
Montante mínimo de encomenda   {{ typeLivraison.ParametrageFrais.MontantMinimumCommande }}


a partir de  {{ typeLivraison.ParametrageFrais.MontantMinimumFraisOffertPremiereCommande }}








 {{ jour.Jour }}{{ jour.Date }}
Completo
Feriado


 {{ jour.Jour }}{{ jour.Date }}









{{ creneau.Texte }}
Completo
Montante mínimo de encomenda : {{ creneau.MontantCommande }}


{{ creneau.Texte }}
Gratuito
Dependente do montante do carrinho









+



PROMOÇÃO

Adicionar em  para usufruir de  de redução


adicionar este lote num clique
Não obrigada, pretendo apenas 1



Pré-encomenda

O seu produto foi adicionado com sucesso ao seu carrinho.
Pode remover este produto a partir de   Na sua Loja Online.
Os stocks são limitados, valide a sua encomenda o mais rápido possível.


Continuo as minhas compras >
Adiciono mais um produto >








+



Alteração de loja

Está na loja de  : o seu carrinho e as nossas ofertas foram atualizadas.
Consulte a lista dos produtos atualizada:


Validar



+















Adicionar este produto na sua lista de compras para os recuperar facilmente nas próximas compras



+  
na sua coleção







para 100 
 Kcal
 %


Valor de referência para um adulto
(8400 Kj/2000 Kcal)





















desconto em cartão



creditado no seu cartão de fidelidade para entrega do produto antes de








 de desconto imediato  


no seu carrinho para compra deste produto antes de  











com desconto  no seu carrinho por comprar este produto antes de





+



no seu carrinho na compra deste produto Antes de 





VISTO 
NA
Folheto



Para a compra antes de 





Poupança

de 

a 







Artigo
PROMO



Para a compra antes de 









venda flash
D : h por hora : min por minuto : s por segundo
Mais do que  restantes exemplos.


Pré-encomenda!
D : h por hora : min por minuto : s por segundo
para pré-encomendar este artigo
Recolha d  a 







LE LOT
Comprenant  articles








Restante stock  artigos












Pré-encomenda


Este artigo é uma pré-encomenda de  a .
Pode recolher a partir de  na Loja Online Intermarché .

O pagamento de sua pré-encomenda será feito diretamente na loja após o recebimento do seu produto.
Mais do que  produtos em stock, não se esqueça de validar a sua pré-encomenda clicando "meu carrinho" para validar as etapas até à confirmação da pré-encomenda.

Tem outras questões? Consulte-nos FAQ ou
 contacte-nos






Ideias para receitas





Idée recette :



Para fazer esta receita
é necessário também




ver esta receita
ver todas as receitas >



{{ vignette.UserLabel }}








Brevemente disponível









{{ vignette.Marque }}
{{ vignette.Libelle }}

{{ vignette.Conditionnement }}



Pré-encomenda


+  {{ vignette.NbVignette }} {{ vignette.NbVignette > 1 ? "selos" : "selo" }}  {{ vignette.LibelleVignette }}


venda flashD : h  : min : s




{{ vignette.PrixBarre }}
{{ vignette.Prix }}
LE LOT
{{ vignette.PrixParQuantite }}





{{ vignette.Quantite }}
Restante stock{{ vignette.Stock }} produtos

{{ vignette.Grammage }}
O lote de {{ vignette.NbProduitlot }} produtos



vítima do seu sucesso


Origem
{{ vignette.Origine }}





{{ vignette.LibelleAvantageCarte }}{{ vignette.SymboleAvantageCarte }}{{ vignette.LibelleAvantageCarteDecimal }}
em cartão poupança


acumulado no cartão poupança para entrega do produto antes de
{{ vignette.DateFinAvantageCarte }}





{{ vignette.ReductionBRI.Label }}{{ vignette.ReductionBRI.Symbole }}{{ vignette.ReductionBRI.LabelDecimal }}
 de desconto imediato 


no seu carrinho para comprar este produto antes de
{{ vignette.DateBRI }}




{{ vignette.TexteBRI.ChiffreRouge }}{{ vignette.TexteBRI.Symbole }}{{ vignette.TexteBRI.ChiffreRougeDecimal }}
{{ vignette.TexteBRI.Texte1 }}{{vignette.TexteBRI.Texte3}} {{ vignette.TexteBRI.ChiffreNoir }} {{ vignette.TexteBRI.Texte2 }}


com desconto  em seu carrinho por comprar este produto antes de
{{ vignette.DateBRI }}




{{ vignette.TexteBRI.ChiffreRouge }}+{{ vignette.TexteBRI.ChiffreNoir }}
{{ vignette.TexteBRI.ChiffreNoir != "1" ? "ofertas" : "oferta"}}


no seu carrinho para a compra deste produto Antes de {{ vignette.DateBRI }}





VISTO
NA
Folheto


Para a compra antes de
{{ vignette.DateFinPromo }}




Poupança

de 
{{ vignette.DateDebutPromo }}
a 
{{ vignette.DateFinPromo }}




de 
{{ vignette.DateDebutPromo }}
a 
{{ vignette.DateFinPromo }}





Artigo
PROMO



Para a compra antes de {{ vignette.DateFinPromo }}












Veja também
Este lote é composto pelos seguintes nutrientes:
Ce lot est composé de





{{ vignette.UserLabel }}








Brevemente disponível









{{ vignette.Marque }}
{{ vignette.Libelle }}

{{ vignette.Conditionnement }}



Pré-encomenda


+  {{ vignette.NbVignette }} {{ vignette.NbVignette > 1 ? "selos" : "selo" }}  {{ vignette.LibelleVignette }}


venda flashD : h  : min : s




{{ vignette.PrixBarre }}
{{ vignette.Prix }}
LE LOT
{{ vignette.PrixParQuantite }}





{{ vignette.Quantite }}
Restante stock{{ vignette.Stock }} produtos

{{ vignette.Grammage }}
O lote de {{ vignette.NbProduitlot }} produtos



vítima do seu sucesso


Origem
{{ vignette.Origine }}





{{ vignette.LibelleAvantageCarte }}{{ vignette.SymboleAvantageCarte }}{{ vignette.LibelleAvantageCarteDecimal }}
em cartão poupança


acumulado no cartão poupança para entrega do produto antes de
{{ vignette.DateFinAvantageCarte }}





{{ vignette.ReductionBRI.Label }}{{ vignette.ReductionBRI.Symbole }}{{ vignette.ReductionBRI.LabelDecimal }}
 de desconto imediato 


no seu carrinho para comprar este produto antes de
{{ vignette.DateBRI }}




{{ vignette.TexteBRI.ChiffreRouge }}{{ vignette.TexteBRI.Symbole }}{{ vignette.TexteBRI.ChiffreRougeDecimal }}
{{ vignette.TexteBRI.Texte1 }}{{vignette.TexteBRI.Texte3}} {{ vignette.TexteBRI.ChiffreNoir }} {{ vignette.TexteBRI.Texte2 }}


com desconto  em seu carrinho por comprar este produto antes de
{{ vignette.DateBRI }}




{{ vignette.TexteBRI.ChiffreRouge }}+{{ vignette.TexteBRI.ChiffreNoir }}
{{ vignette.TexteBRI.ChiffreNoir != "1" ? "ofertas" : "oferta"}}


no seu carrinho para a compra deste produto Antes de {{ vignette.DateBRI }}





VISTO
NA
Folheto


Para a compra antes de
{{ vignette.DateFinPromo }}




Poupança

de 
{{ vignette.DateDebutPromo }}
a 
{{ vignette.DateFinPromo }}




de 
{{ vignette.DateDebutPromo }}
a 
{{ vignette.DateFinPromo }}





Artigo
PROMO



Para a compra antes de {{ vignette.DateFinPromo }}














Informações
Renseignements pratiques



Origem

Origem
Transformado em
Criado em
Abatido
Raça
Categoria
Calibre
Variedade
Tratamento



Taxa de alcóol



Informações práticas



Benefícios



Ingredientes



Alergénio



Conservação



Informações Fabricante



Informações legais 



Embalagem



Garantia


Duração da garantia
Peças sobressalentes disponíveis
Período de disponibilidade peças sobressalentes






Nutrição



Valores médios nutricionais: 100 


Energia
 Kj /  Kcal


Lípidos


saturados 
monoinsaturados 
polinsaturados 



Hidratos de carbono


dos quais açucares 
polióis 
amido 



Fibras alimentares



Proteínas



Sal




Vitaminas e sais minerais que podem ser declarados e valores nutricionais de referência (VNR )




Vitamina A



Vitamina D



Vitamina E



Vitamina K



Vitamina C



Vitamina B6



Vitamina B12



Tiamina



Riblofavina



Cloreto



Cálcio



Fósforo



Magnésio



Ferro



Zinco



Cobre



Niacina



Magnésio



Fluoreto



Ácido fólico



Selénio



Crómio



Biotina



Molibdénio



Ácido Pantoténico



Iodo



Potássio









 Le score prend en compte pour 100 grammes, la teneur :

- en nutriments et aliments à favoriser (ﬁbres, protéines, fruits et légumes)
- en nutriments à limiter (énergie, acides gras saturés, sucres, sel).

 Le calcul du score est différent pour certaines catégories de produits.
Après calcul, le score obtenu par un produit permet de lui attribuer une lettre et une couleur.



 



Saiba mais







+



Erro

Esta operação está momentaneamente indisponível. Por favor, tente mais tarde.
Fechar





+





+





+



Accéder à un point de retrait


Pour acceder à ce point retrait, vous devez posseder un code d’accès.


Si vous ne possédez pas de code d’accès, veuillez contacter le magasin de


















